<?xml version="1.0" encoding="UTF-8"?><collection xmlns="http://www.loc.gov/MARC21/slim"><record><leader>00620nam--2200181-i-4500</leader><controlfield tag="001">000009067</controlfield><controlfield tag="002">20161230</controlfield><controlfield tag="005">20161230201028</controlfield><controlfield tag="008">060222s1000------------r-----000-0-rum-d</controlfield><datafield ind1=" " ind2=" " tag="040"><subfield code="a">IFIN-HH</subfield></datafield><datafield ind1=" " ind2=" " tag="041"><subfield code="a">rum</subfield></datafield><datafield ind1=" " ind2=" " tag="080"><subfield code="a">53.07</subfield></datafield><datafield ind1="1" ind2=" " tag="110"><subfield code="a">Consiliul National Al Cercetarii Stiintifice</subfield></datafield><datafield ind1="1" ind2="0" tag="245"><subfield code="a">Catalog cu aparatura de cercetare stiintifica si de laborator produsa in rsr: c. aparate si instalatii pentru masurarea marimilor termice si analitice, pentru reglare si comanda automata si telemasurare</subfield></datafield><datafield ind1=" " ind2=" " tag="260"><subfield code="a">Bucuresti</subfield><subfield code="b">Cncs</subfield><subfield code="c">1969</subfield></datafield><datafield ind1=" " ind2=" " tag="300"><subfield code="a">83P</subfield></datafield><datafield ind1=" " ind2=" " tag="852"><subfield code="a">31759</subfield><subfield code="c">53.08</subfield></datafield><datafield ind1=" " ind2=" " tag="CAT"><subfield code="a">Sys</subfield><subfield code="c">20151028</subfield><subfield code="h">144109</subfield></datafield></record></collection>